@article{anderson2013consumer,
  title={Consumer fraud in the United States, 2011: The third FTC survey},
  author={Anderson, Keith B},
  journal={Federal Trade Commission},
  year={2013}
}


@misc{ftcpress2016,
author = {},
title = {FTC Releases Annual Summary of Consumer Complaints | Federal Trade Commission},
howpublished = {\url{https://www.ftc.gov/news-events/press-releases/2016/03/ftc-releases-annual-summary-consumer-complaints}},
month = {March},
year = {2016},
note = {(Accessed on 01/17/2017)}
}



@article{perharassment,
author = {Duggan, Maeve },
title = {Online Harassment | Pew Research Center},
howpublished = {\url{http://www.pewinternet.org/2014/10/22/online-harassment/}},
month = {October},
year = {2014},

}

@misc{fbiic3,
author = {},
title = {Internet Crime Complaint Center (IC3)},
howpublished = {\url{https://www.ic3.gov/}},
month = {},
year = {},
note = {(Accessed on 01/17/2017)}
}


@misc{uscensus,
author = {},
title = {United States Census Bureau},
howpublished = {\url{https://www.census.gov/}},
month = {},
year = {},
note = {(Accessed on 01/17/2017)}
}

@article{clarke2001controlling,
  title={Controlling cell phone fraud in the US: Lessons for the UK ‘Foresight’prevention initiative},
  author={Clarke, Ronald V and Kemper, Rick and Wyckoff, Laura},
  journal={Security Journal},
  volume={14},
  number={1},
  pages={7--22},
  year={2001},
  publisher={Springer}
}


@inproceedings{brause1999neural,
  title={Neural data mining for credit card fraud detection},
  author={Brause, R and Langsdorf, T and Hepp, Michael},
  booktitle={Tools with Artificial Intelligence, 1999. Proceedings. 11th IEEE International Conference on},
  pages={103--106},
  year={1999},
  organization={IEEE}
}

@inproceedings{moreau1997detection,
  title={Detection of mobile phone fraud using supervised neural networks: A first prototype},
  author={Moreau, Yves and Verrelst, Herman and Vandewalle, Joos},
  booktitle={International Conference on Artificial Neural Networks},
  pages={1065--1070},
  year={1997},
  organization={Springer}
}


@article{bolton2002statistical,
  title={Statistical fraud detection: A review},
  author={Bolton, Richard J and Hand, David J},
  journal={Statistical science},
  pages={235--249},
  year={2002},
  publisher={JSTOR}
}


@inproceedings{snyder2015no,
  title={No please, after you: Detecting fraud in affiliate marketing networks},
  author={Snyder, Peter and Kanich, Chris},
  booktitle={Proceedings of the Workshop on the Economics of Information Security (WEIS)},
  year={2015}
}


@article{ablon2016consumer,
  title={Consumer Attitudes Toward Data Breach Notifications and Loss of Personal Information},
  author={Ablon, Lillian and Heaton, Paul and Romanosky, Sasha and Lavery, Diana Catherine},
  year={2016},
  publisher={Rand Corporation}
}


@article{piper2002,
  title={An Uneven Playing Field: The Advantages of the Cyber Criminal vs. Law Enforcement and Some Practical Suggestions},
  author={Piper, Torri},
  year={2002},
  publisher={SANS Institute}
}


@article{ionescu2011fraud,
  title={Fraud, corruption and cyber crime in a global digital network},
  author={Ionescu, Luminita and Mirea, Viorica and Blajan, Adrian},
  journal={Economics, Management and Financial Markets},
  volume={6},
  number={2},
  pages={373},
  year={2011},
  publisher={Addleton Academic Publishers}
}


@inproceedings{howard2007cyber,
  title={Cyber Fraud Trends and Mitigation},
  author={Howard, Richard and Thomas, Ralph and Burstein, Jeff and Bradescu, Roxanna},
  booktitle={The International Conference on Forensic Computer Science (ICoFCS)},
  year={2007}
}


@article{smyth2011measuring,
  title={Measuring the Extent of Cyber-Fraud: A Discussion Paper on Potential Methods and Data Sources},
  author={Smyth, Sara M and Carleton, Rebecca},
  year={2011},
  publisher={Public Safety Canada Working Paper}
}


w@article{raval2016determines,
  title={What Determines Consumer Complaining Behavior?},
  author={Raval, Devesh},
  journal={Federal Trade Commission},
  year={2016}
}

@article{garrett2010consumers,
  title={Are consumers disadvantaged or vulnerable? An examination of consumer complaints to the better business bureau},
  author={Garrett, Dennis E and Toumanoff, Peter G},
  journal={Journal of Consumer Affairs},
  volume={44},
  number={1},
  pages={3--23},
  year={2010},
  publisher={Wiley Online Library}
}

@misc{zipatlas,
author = {},
title = {Zip Code, Area Code, City \& State Profiles | ZipAtlas},
howpublished = {\url{http://zipatlas.com/}},
month = {},
year = {},
note = {(Accessed on 01/17/2017)}
}


@misc{uslaborstats,
author = {},
title = {U.S. Bureau of Labor Statistics},
howpublished = {\url{https://www.bls.gov/}},
month = {},
year = {},
note = {(Accessed on 01/17/2017)}
}



@misc{buffalodebt1,
author = {Warner, Gene and Zremski, Jerry},
title = {Buffalo debt collector pleads guilty in massive fraud - The Buffalo News},
howpublished = {\url{https://buffalonews.com/2016/11/02/head-buffalo-debt-collection-agency-pleads-guilty-fraud/}},
month = {Nov},
year = {2016},
note = {(Accessed on 01/17/2017)}
}


@misc{buffalodebt2:,
author = {Faribanks, Phil},
title = {Buffalo debt collectors accused of taking in 'tens of millions' by harassing consumers - The Buffalo News},
howpublished = {\url{http://buffalonews.com/2016/11/02/buffalo-debt-collector-accused-harassing-consumers/}},
month = {Nov},
year = {2016},
note = {(Accessed on 01/17/2017)}
}



@misc{pewsmall,
author = {Aaron Smith and Lee Rainie AND Kathryn Zickuhr},
title = {College students and technology | Pew Research Center},
howpublished = {\url{http://www.pewinternet.org/2011/07/19/college-students-and-technology/}},
month = {July},
year = {2011},
note = {(Accessed on 01/17/2017)}
}

