
\bibitem{IEEEhowto:kopka}
H.~Kopka and P.~W. Daly, \emph{A Guide to \LaTeX}, 3rd~ed.\hskip 1em plus
  0.5em minus 0.4em\relax Harlow, England: Addison-Wesley, 1999.
  
\bibitem{affiliate}
pete snyder affiliate fraud

\bibitem{fraudfinance}
cyberfraud in a global digital network

\bibitem{databreach}
Consumer Attitudes Toward Data Breach Noti cations and Loss of Personal Information

\bibitem{playingfield}
An Uneven Playing Field: The Advantages of the Cyber Criminal vs. Law Enforcement-and Some Practical

\bibitem{identitytheft}
Identity Theft as a Teachable Moment

\bibitem{cybertrends}
Cyber Fraud Trends and Mitigation

\bibitem{fraudcanada}
Cyberfraud in Canada

\bibitem{ukphone}
Controlling Cell Phone Fraud in the US: Lessons for the UK ‘Foresight’ Prevention Initiative

\bibitem{creditfraud}
Neural data mining for credit card fraud detection

\bibitem{phoenfraudnn}
Detection of mobile phone fraud using supervised neural networks: A first prototype

\bibitem{phonefraudstat}
Statistical Fraud Detection: A Review

\bibitem{ftcfraud}
http://gotaclassaction.com/wp-content/uploads/2013/05/FTC-Fraud-Survey.pdf

\bibitem{ftccomplaints}
complaints ftc paper

\bibitem{usbureau}
usbureau website

\bibitem{deptlabor}
dept of labor website

\bibitem{consurmeraffairs}
Are Consumers Disadvantaged or Vulnerable An Examination of Consumer Complaints to the Better Business Bureau

\bibitem{ftc2015}
Link in wunderlist

\bibitem{pewinternet}
pew internet study

\bibitem{fbiic3}
fbi IC3 Web

\bibitem{buffalo1}
\url{'http://buffalonews.com/2016/11/02/head-buffalo-debt-collection-agency-pleads-guilty-fraud/}

\bibitem{buffalo2}
\url{http://buffalonews.com/2016/11/02/buffalo-debt-collector-accused-harassing-consumers/}

\ bibitem{zipatlas}
zipatlas website.


@article{temp,
  title={Technology adoption by lower income populations},
  author={Smith, Aaron},
  journal={Pew Research Center},
  year={2013}
}